@misc{backgroundreport,
  author       = {Brianna Cathey and Nam Tran and Cooper Pearson and Richie Beck and Marcel Isper}, 
  title        = {Background, Vision, and Needs},
  institution  = {The George Washington University},
  year         = {2019}
}

@misc{cc2650,
  author       = {Texas Instruments}, 
  title        = {CC2650 - SimpleLink multi-standard 2.4 GHz ultra-low power wireless MCU},
  url          = {http://www.ti.com/product/CC2650}
}

@misc{esp32,
  author       = {Espressif}, 
  title        = {ESP32 - A Different IoT Power and Performance},
  url          = {https://www.espressif.com/en/products/hardware/esp32/overview}
}

@misc{cyble,
  author       = {Cypress}, 
  title        = {CYBLE-222005-00: EZ-BLE},
  url          = {https://www.cypress.com/documentation/datasheets/cyble-222005-00-ez-ble-creator-module}
}



@misc{perfeq,
    author     = {University of San Diego},
    title      = {The CPU Performance Equation},
    url        = {https://cseweb.ucsd.edu/classes/sp14/cse141-a/Slides/02_performance_annotated-0417.pdf},
    year       = {2014}
}

@manual{cortex-m3,
    organization  = "ARM",
    title         = "Cortex-M3 Technical Reference Manual",
    year          =  2010,
    note          = "Rev. r2p0"
}

@manual{esp-idf,
    organization  = "Espressif",
    title         = "ESP-IDF Programming Guide",
    year          =  2019,
    note          = "Rev. ea9b8c37"
}

@manual{bt,
    organization  = "Bluetooth SIG Proprietary",
    title         = "Bluetooth Core Specification",
    year          =  2019,
    month         =  1,    
    note          = "Rev. 5.1"
}

@manual{spp,
    organization  = "Bluetooth SIG Proprietary",
    title         = "Serial Port Profile",
    year          = 2012,
    month         = 7,
    note          = "Rev. 12"
}

@misc{cathetercode,
  author       = {Nam Tran},
  title        = {Balloon-Catheterization Source Code},
  url          = {https://github.com/omn0mn0m/Balloon-Catheterization},
  year         = {2019}
}

@misc{arduino-esp,
  author       = {Espressif},
  title        = {arduino-esp32 Source Code},
  url          = {https://github.com/espressif/arduino-esp32},
  year         = {2019}
}

@misc{reflex,
    author     = {Human Benchmark},
    title      = {Reaction Time Statistics},
    url        = {https://www.humanbenchmark.com/tests/reactiontime/statistics},
    year       = {2019}
}
