@misc{backgroundreport,
  author       = {Brianna Cathey and Nam Tran and Cooper Pearson and Richie Beck and Marcel Isper}, 
  title        = {Background, Vision, and Needs},
  institution  = {The George Washington University},
  year         = {2018}
}

@misc{cc2650,
  author       = {Texas Instruments}, 
  title        = {CC2650 - SimpleLink multi-standard 2.4 GHz ultra-low power wireless MCU},
  url          = {http://www.ti.com/product/CC2650}
}

@misc{esp32,
  author       = {Espressif}, 
  title        = {ESP32 - A Different IoT Power and Performance},
  url          = {https://www.espressif.com/en/products/hardware/esp32/overview}
}

@misc{cyble,
  author       = {Cypress}, 
  title        = {CYBLE-222005-00: EZ-BLE},
  url          = {https://www.cypress.com/documentation/datasheets/cyble-222005-00-ez-ble-creator-module}
}